<collection xmlns="http://www.loc.gov/MARC21/slim">
<record>
  <leader>01362ccm a2200253 i 4500</leader>
  <controlfield tag="001">353373</controlfield>
  <controlfield tag="005">20030403161600.0</controlfield>
  <controlfield tag="008">920713s1620           e          b       </controlfield>
  <datafield tag="245" ind1="1" ind2=" ">
    <subfield code="a">Flores de musica pera o instrumento de Tecla, &amp; Harpa</subfield>
    <subfield code="h"></subfield>
    <subfield code="c"></subfield>
    <subfield code="b">dedicado a S.C.R. Magestade del Rey Phelippe terceiro das Espanhas</subfield>
  </datafield>
<!-- Separator but not at end of field length=311 -->
  <datafield tag="260" ind1="a" ind2="E">
    <subfield code=" ">Lisboa</subfield>
    <subfield code="b">Na officina de Pedro Craesbeeck,</subfield>
    <subfield code="c">1620</subfield>
  </datafield>
<!-- Separator but not at end of field length=54 -->
  <datafield tag="300" ind1="a" ind2="[">
    <subfield code="]">, 233, [3] f.</subfield>
    <subfield code="c"></subfield>
  </datafield>
<!-- Separator but not at end of field length=34 -->
  <datafield tag="100" ind1="o" ind2="e">
    <subfield code="h">o,, Manuel Rodrigues,</subfield>
    <subfield code="d">ca 1555-1635</subfield>
  </datafield>
<!-- Separator but not at end of field length=44 -->
  <datafield tag="700" ind1="r" ind2="a">
    <subfield code="s">beeck,, Pedro,</subfield>
    <subfield code="d">fl. 1597-1632</subfield>
    <subfield code="4">610</subfield>
  </datafield>
<!-- Separator but not at end of field length=43 -->
  <datafield tag="700" ind1="o" ind2="m">
    <subfield code="s">,, Francisco,</subfield>
    <subfield code="d">16---17--?</subfield>
    <subfield code="4">390</subfield>
  </datafield>
<!-- Separator but not at end of field length=39 -->
  <datafield tag="700" ind1="e" ind2="r">
    <subfield code="s"></subfield>
    <subfield code="d">ca 183--?</subfield>
    <subfield code="4">390</subfield>
  </datafield>
<!-- Separator but not at end of field length=45 -->
  <datafield tag="700" ind1="z" ind2=",">
    <subfield code=" ">Ivo,</subfield>
    <subfield code="d">1901-1985</subfield>
    <subfield code="4">390</subfield>
  </datafield>
<!-- Separator but not at end of field length=31 -->
  <datafield tag="958" ind1="D" ind2="">
    <subfield code="h">ttp://purl.pt/68/cover.get?resolution=high</subfield>
    <subfield code="b">Livre</subfield>
    <subfield code="d">1</subfield>
    <subfield code="c">Digitalizado</subfield>
  </datafield>
<!-- Separator but not at end of field length=77 -->
  <datafield tag="966" ind1="" ind2="m">
    <subfield code="N">D</subfield>
    <subfield code="n"></subfield>
    <subfield code="s">PURL 68/0</subfield>
  </datafield>
<!-- Separator but not at end of field length=66 -->
  <datafield tag="966" ind1="B" ind2="N">
    <subfield code="n"></subfield>
    <subfield code="s">PURL 68/1</subfield>
  </datafield>
<!-- Separator but not at end of field length=66 -->
  <datafield tag="966" ind1="D" ind2="">
    <subfield code="D"></subfield>
    <subfield code="s">PURL 68/2</subfield>
  </datafield>
<!-- Separator but not at end of field length=66 -->
  <datafield tag="966" ind1="n" ind2="D">
    <subfield code="g"></subfield>
    <subfield code="s">PURL 68/3</subfield>
  </datafield>
<!-- Separator but not at end of field length=66 -->
  <datafield tag="966" ind1="" ind2="n">
    <subfield code="i">gitalizado em PURL 68</subfield>
    <subfield code="s">C.I.C. 95 V. </subfield>
    <subfield code="x">2</subfield>
  </datafield>
<!-- Separator but not at end of field length=58 -->
  <datafield tag="966" ind1="" ind2="s">
    <subfield code="E">S. 1583 V.</subfield>
  </datafield>
<!-- Separator but not at end of field length=29 -->
  <datafield tag="998" ind1="0" ind2="0">
    <subfield code="8">2cdm a22</subfield>
  </datafield>
<!-- No separator at end of field length=13 -->
</record>