
<record>
  <leader>00600ccm a2200133 i 4500</leader>
  <controlfield tag="001">528775</controlfield>
  <controlfield tag="005">19990103000000.0</controlfield>
  <controlfield tag="008">950522s1845           e          b       </controlfield>
  <datafield tag="245" ind1="1" ind2=" ">
    <subfield code="a">?O ?Beijo</subfield>
    <subfield code="h"></subfield>
    <subfield code="b"></subfield>
    <subfield code="c">composta para o Theatro da Rua dos Condes por Angelo Frondoni</subfield>
  </datafield>
<!-- Separator but not at end of field length=122 -->
  <datafield tag="260" ind1="a" ind2="L">
    <subfield code="s">boa</subfield>
    <subfield code="b">Lithografia e armazem de Musica de Lence,</subfield>
    <subfield code="c">[ca 1845]</subfield>
  </datafield>
<!-- Separator but not at end of field length=65 -->
  <datafield tag="300" ind1="a" ind2="P">
    <subfield code="r">titura vocal (32 p.)</subfield>
    <subfield code="c">24x32 cm</subfield>
  </datafield>
<!-- Separator but not at end of field length=38 -->
  <datafield tag="100" ind1="F" ind2="r">
    <subfield code="n">doni,, Angelo,</subfield>
    <subfield code="d">1812-1891</subfield>
  </datafield>
<!-- Separator but not at end of field length=33 -->
  <datafield tag="958" ind1="a" ind2="B">
    <subfield code="D"></subfield>
    <subfield code="e">http://purl.pt/14388/cover.get?resolution=high</subfield>
    <subfield code="b">Livre</subfield>
    <subfield code="d">1</subfield>
    <subfield code="c">Digitalizado</subfield>
  </datafield>
<!-- Separator but not at end of field length=80 -->
  <datafield tag="966" ind1="l" ind2="B">
    <subfield code="m">MUSICA</subfield>
    <subfield code="n">Col. Ivo Cruz. - mau estado</subfield>
    <subfield code="s">C.I.C. 73 V. </subfield>
    <subfield code="x">2</subfield>
  </datafield>
<!-- Separator but not at end of field length=62 -->
</record>