
<record>
  <leader>00824cdm a2200181 i 4500</leader>
  <controlfield tag="001">588056</controlfield>
  <controlfield tag="005">20030123130100.0</controlfield>
  <controlfield tag="008">960222q15301550       e          b       </controlfield>
  <datafield tag="245" ind1="1" ind2=" ">
    <subfield code="a"></subfield>
    <subfield code="h"></subfield>
  </datafield>
<!-- Separator but not at end of field length=80 -->
  <datafield tag="260" ind1="?" ind2="[">
    <subfield code="n">tre ?1530 e 1550]</subfield>
  </datafield>
<!-- Separator but not at end of field length=26 -->
  <datafield tag="300" ind1="P" ind2="a">
    <subfield code="t">itura (72 f.)</subfield>
    <subfield code="c">96x146 mm</subfield>
  </datafield>
<!-- Separator but not at end of field length=33 -->
  <datafield tag="700" ind1="r" ind2="u">
    <subfield code=",">, Ivo,</subfield>
    <subfield code="d">1901-1985</subfield>
    <subfield code="4">390</subfield>
  </datafield>
<!-- Separator but not at end of field length=31 -->
  <datafield tag="958" ind1="B" ind2="N">
    <subfield code="e">http://purl.pt/210/cover.get?resolution=high</subfield>
    <subfield code="b">Livre</subfield>
    <subfield code="d">1</subfield>
    <subfield code="c">Digitalizado</subfield>
  </datafield>
<!-- Separator but not at end of field length=78 -->
  <datafield tag="966" ind1="B" ind2="N">
    <subfield code="m">BND</subfield>
    <subfield code="n"></subfield>
    <subfield code="s">PURL 210/0</subfield>
  </datafield>
<!-- Separator but not at end of field length=64 -->
  <datafield tag="966" ind1="" ind2="m">
    <subfield code="N">D</subfield>
    <subfield code="n"></subfield>
    <subfield code="s">PURL 210/1</subfield>
  </datafield>
<!-- Separator but not at end of field length=64 -->
  <datafield tag="966" ind1="B" ind2="N">
    <subfield code="n"></subfield>
    <subfield code="s">PURL 210/2</subfield>
  </datafield>
<!-- Separator but not at end of field length=64 -->
  <datafield tag="966" ind1="D" ind2="">
    <subfield code="D"></subfield>
    <subfield code="s">PURL 210/3</subfield>
  </datafield>
<!-- Separator but not at end of field length=64 -->
  <datafield tag="966" ind1="C" ind2="A">
    <subfield code="n">Col. Ivo Cruz; Digitalizado em: PURL 210</subfield>
    <subfield code="s">C.I.C. 60 </subfield>
    <subfield code="x">2</subfield>
  </datafield>
<!-- Separator but not at end of field length=72 -->
</record>