
<record>
  <leader>00742ccm a2200169 i 4500</leader>
  <controlfield tag="001">626256</controlfield>
  <controlfield tag="005">19990422191100.0</controlfield>
  <controlfield tag="008">961015s1609           e          b       </controlfield>
  <datafield tag="245" ind1="0" ind2=" ">
    <subfield code="a">Francisci Garri...opera...</subfield>
    <subfield code="h"></subfield>
  </datafield>
<!-- Separator but not at end of field length=50 -->
  <datafield tag="260" ind1=" " ind2="">
    <subfield code="O">lisipone</subfield>
    <subfield code="b">Ex officina de Petri Crasbeeck,</subfield>
    <subfield code="c">1609</subfield>
  </datafield>
<!-- Separator but not at end of field length=53 -->
  <datafield tag="300" ind1=" " ind2="">
    <subfield code="P">artitura ([5], 69 f.)</subfield>
    <subfield code="c">55 cm</subfield>
  </datafield>
<!-- Separator but not at end of field length=34 -->
  <datafield tag="100" ind1=" " ind2="">
    <subfield code="a">rro,, Francisco,</subfield>
    <subfield code="d">?ca ?1556-1623</subfield>
  </datafield>
<!-- Separator but not at end of field length=38 -->
  <datafield tag="700" ind1=" " ind2="">
    <subfield code="r">aesbeeck,, Pedro,</subfield>
    <subfield code="d">fl. 1597-1632</subfield>
    <subfield code="4">610</subfield>
  </datafield>
<!-- Separator but not at end of field length=43 -->
  <datafield tag="930" ind1=" " ind2="">
    <subfield code="B">N</subfield>
    <subfield code="m">AU</subfield>
    <subfield code="i">microfilme</subfield>
    <subfield code="d">F. 3313</subfield>
  </datafield>
<!-- Separator but not at end of field length=32 -->
  <datafield tag="958" ind1=" " ind2="">
    <subfield code="B">ND</subfield>
    <subfield code="e">http://purl.pt/30136/cover.get?resolution=high</subfield>
    <subfield code="b">Livre</subfield>
    <subfield code="d">1</subfield>
    <subfield code="c">Digitalizado</subfield>
  </datafield>
<!-- Separator but not at end of field length=80 -->
  <datafield tag="966" ind1=" " ind2="">
    <subfield code="B">N</subfield>
    <subfield code="m">MICROF</subfield>
    <subfield code="n">microfilme</subfield>
    <subfield code="s">F. 3313</subfield>
  </datafield>
<!-- Separator but not at end of field length=36 -->
  <datafield tag="966" ind1=" " ind2="">
    <subfield code="B">N</subfield>
    <subfield code="m">MUSICA</subfield>
    <subfield code="n"></subfield>
    <subfield code="s">C.I.C. 1 R. </subfield>
    <subfield code="x">2</subfield>
  </datafield>
<!-- Separator but not at end of field length=140 -->
</record>