
<record>
  <leader>00517cdm a2200133 i 4500</leader>
  <controlfield tag="001">987026</controlfield>
  <controlfield tag="005">19990626000000.0</controlfield>
  <controlfield tag="008">980617s1730           e          b       </controlfield>
  <datafield tag="245" ind1="1" ind2=" ">
    <subfield code="a">?[Gl&apos;?incanti d&apos;Alcina]</subfield>
    <subfield code="a">?[Il ?vaticinio di Pallade e di Mercurio]</subfield>
    <subfield code="h"></subfield>
  </datafield>
<!-- Separator but not at end of field length=92 -->
  <datafield tag="260" ind1=" " ind2="">
    <subfield code="[">1730-31]</subfield>
  </datafield>
<!-- Separator but not at end of field length=14 -->
  <datafield tag="300" ind1=" " ind2="">
    <subfield code="P">artitura ([190] p.)</subfield>
    <subfield code="c">22x31 cm</subfield>
  </datafield>
<!-- Separator but not at end of field length=35 -->
  <datafield tag="100" ind1=" " ind2="">
    <subfield code="l"></subfield>
    <subfield code="d">ca 1700-1755?</subfield>
  </datafield>
<!-- Separator but not at end of field length=51 -->
  <datafield tag="958" ind1="" ind2="a">
    <subfield code="N">D</subfield>
    <subfield code="e">http://purl.pt/28948/cover.get?resolution=high</subfield>
    <subfield code="b">Livre</subfield>
    <subfield code="d">1</subfield>
    <subfield code="c">Digitalizado</subfield>
  </datafield>
<!-- Separator but not at end of field length=80 -->
  <datafield tag="966" ind1="" ind2="l">
    <subfield code="N"></subfield>
    <subfield code="m">MUSICA</subfield>
    <subfield code="n">Col. Ivo Cruz</subfield>
    <subfield code="s">C.I.C. 12 </subfield>
    <subfield code="x">2</subfield>
  </datafield>
<!-- Separator but not at end of field length=45 -->
</record>