
<record>
  <leader>00855cdm a2200193 i 4500</leader>
  <controlfield tag="001">1100089</controlfield>
  <controlfield tag="008">030212s1794           e          b       </controlfield>
  <datafield tag="245" ind1="1" ind2=" ">
    <subfield code="a"></subfield>
    <subfield code="h"></subfield>
    <subfield code="c">Original de Antonio Leal Moreira</subfield>
  </datafield>
<!-- Separator but not at end of field length=83 -->
  <datafield tag="260" ind1="" ind2="c">
    <subfield code="7">94</subfield>
  </datafield>
<!-- Separator but not at end of field length=9 -->
  <datafield tag="300" ind1="" ind2="a">
    <subfield code="a">rtitura (182 f.)</subfield>
    <subfield code="c">215x303 mm</subfield>
  </datafield>
<!-- Separator but not at end of field length=35 -->
  <datafield tag="100" ind1="" ind2="M">
    <subfield code="r"></subfield>
    <subfield code="d">1758-1819</subfield>
  </datafield>
<!-- Separator but not at end of field length=39 -->
  <datafield tag="700" ind1="B" ind2="a">
    <subfield code="b">osa,, Domingos Caldas,</subfield>
    <subfield code="d">1738 ou 1740-1800</subfield>
    <subfield code="4">480</subfield>
  </datafield>
<!-- Separator but not at end of field length=54 -->
  <datafield tag="700" ind1="V" ind2="i">
    <subfield code="i">ra,, Ernesto,</subfield>
    <subfield code="d">1848-1915</subfield>
    <subfield code="4">390</subfield>
  </datafield>
<!-- Separator but not at end of field length=37 -->
  <datafield tag="958" ind1="a" ind2="B">
    <subfield code="D"></subfield>
    <subfield code="e">http://purl.pt/97/cover.get?resolution=high</subfield>
    <subfield code="b">Livre</subfield>
    <subfield code="d">1</subfield>
    <subfield code="c">Digitalizado</subfield>
  </datafield>
<!-- Separator but not at end of field length=77 -->
  <datafield tag="966" ind1="l" ind2="B">
    <subfield code="m">BND</subfield>
    <subfield code="n"></subfield>
    <subfield code="s">PURL 97/0</subfield>
  </datafield>
<!-- Separator but not at end of field length=62 -->
  <datafield tag="966" ind1="N" ind2="">
    <subfield code="B">ND</subfield>
    <subfield code="n"></subfield>
    <subfield code="s">PURL 97/1</subfield>
  </datafield>
<!-- Separator but not at end of field length=62 -->
  <datafield tag="966" ind1="m" ind2="B">
    <subfield code="D"></subfield>
    <subfield code="n"></subfield>
    <subfield code="s">PURL 97/2</subfield>
  </datafield>
<!-- Separator but not at end of field length=62 -->
  <datafield tag="966" ind1="N" ind2="D">
    <subfield code="n"></subfield>
    <subfield code="s">PURL 97/3</subfield>
  </datafield>
<!-- Separator but not at end of field length=62 -->
  <datafield tag="966" ind1="I" ind2="C">
    <subfield code="s">M.M. 137 </subfield>
    <subfield code="x">6</subfield>
  </datafield>
<!-- Separator but not at end of field length=29 -->
</record>