
<record>
  <leader>00521cdm a2200133 i 4500</leader>
  <controlfield tag="001">1106376</controlfield>
  <controlfield tag="008">030226s1832           e          b       </controlfield>
  <datafield tag="245" ind1="1" ind2=" ">
    <subfield code="a"></subfield>
    <subfield code="h"></subfield>
    <subfield code="b">pour le Cor</subfield>
    <subfield code="c">Instrumentadas por F.A.N.S. Pinto</subfield>
  </datafield>
<!-- Separator but not at end of field length=85 -->
  <datafield tag="260" ind1="c" ind2="1">
    <subfield code="3">2</subfield>
  </datafield>
<!-- Separator but not at end of field length=9 -->
  <datafield tag="300" ind1="a" ind2="P">
    <subfield code="r">titura ([2] f.)</subfield>
    <subfield code="c">223x296 mm</subfield>
  </datafield>
<!-- Separator but not at end of field length=35 -->
  <datafield tag="100" ind1="P" ind2="i">
    <subfield code="t"></subfield>
    <subfield code="d">1815-1860</subfield>
  </datafield>
<!-- Separator but not at end of field length=62 -->
  <datafield tag="700" ind1="i" ind2="e">
    <subfield code="r">a,, Ernesto,</subfield>
    <subfield code="d">1848-1915</subfield>
    <subfield code="4">390</subfield>
  </datafield>
<!-- Separator but not at end of field length=37 -->
  <datafield tag="958" ind1="B" ind2="N">
    <subfield code="e">http://purl.pt/27658/cover.get?resolution=high</subfield>
    <subfield code="b">Livre</subfield>
    <subfield code="d">1</subfield>
    <subfield code="c">Digitalizado</subfield>
  </datafield>
<!-- Separator but not at end of field length=80 -->
  <datafield tag="966" ind1="B" ind2="N">
    <subfield code="m">MUSICA</subfield>
    <subfield code="s">M.M. 1022</subfield>
    <subfield code="x">6</subfield>
  </datafield>
<!-- Separator but not at end of field length=29 -->
</record>