
<record>
  <leader>00622cdm a2200145 i 4500</leader>
  <controlfield tag="001">1159503</controlfield>
  <controlfield tag="008">030725s1793           e          b       </controlfield>
  <datafield tag="245" ind1="1" ind2=" ">
    <subfield code="a">?Il ?Natale Augusto</subfield>
    <subfield code="h"></subfield>
    <subfield code="c">Do Seg.re Antonio Leal Moreira</subfield>
  </datafield>
<!-- Separator but not at end of field length=77 -->
  <datafield tag="260" ind1=" " ind2="">
    <subfield code="L">isboa</subfield>
    <subfield code="c">1793</subfield>
  </datafield>
<!-- Separator but not at end of field length=17 -->
  <datafield tag="300" ind1=" " ind2="">
    <subfield code="P">artitura (2 vols.)</subfield>
    <subfield code="c">227x313 mm</subfield>
    <subfield code="e"></subfield>
  </datafield>
<!-- Separator but not at end of field length=96 -->
  <datafield tag="100" ind1="M" ind2="o">
    <subfield code="e"></subfield>
    <subfield code="d">1758-1819</subfield>
  </datafield>
<!-- Separator but not at end of field length=39 -->
  <datafield tag="700" ind1="a" ind2="r">
    <subfield code="i">nelli,, Gaetano,</subfield>
    <subfield code="d">fl. 1764-1795</subfield>
    <subfield code="4">480</subfield>
  </datafield>
<!-- Separator but not at end of field length=45 -->
  <datafield tag="958" ind1="B" ind2="N">
    <subfield code="e">http://purl.pt/28057/cover.get?resolution=high</subfield>
    <subfield code="b">Livre</subfield>
    <subfield code="d">1</subfield>
    <subfield code="c">Digitalizado</subfield>
  </datafield>
<!-- Separator but not at end of field length=80 -->
  <datafield tag="966" ind1="1" ind2="">
    <subfield code="v"></subfield>
    <subfield code="l">BN</subfield>
    <subfield code="m">MUSICA</subfield>
    <subfield code="s">C.N. 165 </subfield>
    <subfield code="x">6</subfield>
  </datafield>
<!-- Separator but not at end of field length=36 -->
  <datafield tag="966" ind1="" ind2=" ">
    <subfield code="l">BN</subfield>
    <subfield code="m">MUSICA</subfield>
    <subfield code="s">C.N. 166 </subfield>
    <subfield code="x">6</subfield>
  </datafield>
<!-- Separator but not at end of field length=36 -->
</record>