
<record>
  <leader>00682cdm a2200145 i 4500</leader>
  <controlfield tag="001">1186286</controlfield>
  <controlfield tag="008">030925q18191830       e          b       </controlfield>
  <datafield tag="245" ind1="1" ind2=" ">
    <subfield code="a"></subfield>
    <subfield code="h"></subfield>
    <subfield code="b">Componimento Drammatico</subfield>
    <subfield code="b"></subfield>
    <subfield code="c"></subfield>
  </datafield>
<!-- Separator but not at end of field length=205 -->
  <datafield tag="260" ind1="[" ind2="1">
    <subfield code="1">9-1830]</subfield>
  </datafield>
<!-- Separator but not at end of field length=16 -->
  <datafield tag="300" ind1="P" ind2="a">
    <subfield code="t">itura ([22] f.)</subfield>
    <subfield code="c">188x260 mm</subfield>
  </datafield>
<!-- Separator but not at end of field length=36 -->
  <datafield tag="100" ind1="o" ind2="r">
    <subfield code="t">ti,, Frederico,</subfield>
    <subfield code="d">fl. 1800-1830</subfield>
  </datafield>
<!-- Separator but not at end of field length=39 -->
  <datafield tag="700" ind1="i" ind2="e">
    <subfield code="r">a,, Ernesto,</subfield>
    <subfield code="d">1848-1915</subfield>
    <subfield code="4">390</subfield>
  </datafield>
<!-- Separator but not at end of field length=37 -->
  <datafield tag="700" ind1="a" ind2="r">
    <subfield code="o">bo,</subfield>
    <subfield code="c">Conde de,</subfield>
    <subfield code="d">1801-1869</subfield>
    <subfield code="4">280</subfield>
    <subfield code="4">390</subfield>
  </datafield>
<!-- Separator but not at end of field length=44 -->
  <datafield tag="958" ind1="B" ind2="N">
    <subfield code="e">http://purl.pt/14385/cover.get?resolution=high</subfield>
    <subfield code="b">Livre</subfield>
    <subfield code="d">1</subfield>
    <subfield code="c">Digitalizado</subfield>
  </datafield>
<!-- Separator but not at end of field length=80 -->
  <datafield tag="966" ind1="B" ind2="N">
    <subfield code="m">MUSICA</subfield>
    <subfield code="s">M.M. 207 </subfield>
    <subfield code="x">6</subfield>
  </datafield>
<!-- Separator but not at end of field length=29 -->
</record>