
<record>
  <leader>00488cdm a2200121 i 4500</leader>
  <controlfield tag="001">1186598</controlfield>
  <controlfield tag="008">031002q18701890       e          b       </controlfield>
  <datafield tag="245" ind1="1" ind2=" ">
    <subfield code="a">Missa a tres vozes</subfield>
    <subfield code="h"></subfield>
    <subfield code="b">N. 1</subfield>
    <subfield code="c"></subfield>
  </datafield>
<!-- Separator but not at end of field length=99 -->
  <datafield tag="260" ind1="c" ind2="?">
    <subfield code="E">ntre ?1870 e 1890]</subfield>
  </datafield>
<!-- Separator but not at end of field length=26 -->
  <datafield tag="300" ind1="a" ind2="P">
    <subfield code="r">titura (44 f.)</subfield>
    <subfield code="c">210x295 mm</subfield>
  </datafield>
<!-- Separator but not at end of field length=34 -->
  <datafield tag="100" ind1="G" ind2="a">
    <subfield code="u">l,, Francisco de Freitas,</subfield>
    <subfield code="d">1842-1925</subfield>
  </datafield>
<!-- Separator but not at end of field length=44 -->
  <datafield tag="958" ind1="a" ind2="B">
    <subfield code="D"></subfield>
    <subfield code="e">http://purl.pt/28556/cover.get?resolution=high</subfield>
    <subfield code="b">Livre</subfield>
    <subfield code="d">1</subfield>
    <subfield code="c">Digitalizado</subfield>
  </datafield>
<!-- Separator but not at end of field length=80 -->
  <datafield tag="966" ind1="l" ind2="B">
    <subfield code="m">MUSICA</subfield>
    <subfield code="s">F.C.R. 87//5 </subfield>
    <subfield code="x">6</subfield>
  </datafield>
<!-- Separator but not at end of field length=33 -->
</record>