
<record>
  <leader>00609cdm a2200157 i 4500</leader>
  <controlfield tag="001">1232355</controlfield>
  <controlfield tag="008">040217q17501780       e          b       </controlfield>
  <datafield tag="245" ind1="1" ind2=" ">
    <subfield code="a"></subfield>
    <subfield code="h"></subfield>
  </datafield>
<!-- Separator but not at end of field length=79 -->
  <datafield tag="260" ind1="[" ind2="1">
    <subfield code="5">0-1780]</subfield>
  </datafield>
<!-- Separator but not at end of field length=16 -->
  <datafield tag="300" ind1="P" ind2="a">
    <subfield code="t">itura (86 [1] f.)</subfield>
    <subfield code="c">223x315 mm</subfield>
  </datafield>
<!-- Separator but not at end of field length=38 -->
  <datafield tag="100" ind1="a" ind2="p">
    <subfield code="i">sta,, Francisco Xavier,</subfield>
    <subfield code="d">17---1797</subfield>
  </datafield>
<!-- Separator but not at end of field length=43 -->
  <datafield tag="700" ind1="v" ind2="o">
    <subfield code="d"></subfield>
    <subfield code="d">1714-1782</subfield>
    <subfield code="4">230</subfield>
  </datafield>
<!-- Separator but not at end of field length=46 -->
  <datafield tag="700" ind1="i" ind2="x">
    <subfield code="s">,, Carlos,</subfield>
    <subfield code="d">1704-1742</subfield>
    <subfield code="4">230</subfield>
  </datafield>
<!-- Separator but not at end of field length=36 -->
  <datafield tag="700" ind1="r" ind2="e">
    <subfield code=",">, David,</subfield>
    <subfield code="d">1711-1778</subfield>
    <subfield code="4">230</subfield>
  </datafield>
<!-- Separator but not at end of field length=34 -->
  <datafield tag="958" ind1="N" ind2="D">
    <subfield code="e">http://purl.pt/14380/cover.get?resolution=high</subfield>
    <subfield code="b">Livre</subfield>
    <subfield code="d">1</subfield>
    <subfield code="c">Digitalizado</subfield>
  </datafield>
<!-- Separator but not at end of field length=80 -->
  <datafield tag="966" ind1="N" ind2="">
    <subfield code="M">USICA</subfield>
    <subfield code="s">M.M. 337 </subfield>
    <subfield code="x">6</subfield>
  </datafield>
<!-- Separator but not at end of field length=29 -->
</record>