
<record>
  <leader>00524ndm a2200133 i 4500</leader>
  <controlfield tag="001">1232857</controlfield>
  <controlfield tag="008">040227s1786           e          b       </controlfield>
  <datafield tag="245" ind1="1" ind2=" ">
    <subfield code="a">Te Deum Laudamus</subfield>
    <subfield code="h"></subfield>
    <subfield code="c">Do S.r Antonio Leal Moreira</subfield>
  </datafield>
<!-- Separator but not at end of field length=72 -->
  <datafield tag="260" ind1=" " ind2="">
    <subfield code="1">786</subfield>
  </datafield>
<!-- Separator but not at end of field length=9 -->
  <datafield tag="300" ind1=" " ind2="">
    <subfield code="P">artitura [159 f.]</subfield>
    <subfield code="c">440 mm</subfield>
    <subfield code="a">Partes vocais (solo e coro)</subfield>
    <subfield code="a">Partes instrumentais</subfield>
  </datafield>
<!-- Separator but not at end of field length=82 -->
  <datafield tag="100" ind1=" " ind2="">
    <subfield code="o"></subfield>
    <subfield code="d">1758-1819</subfield>
  </datafield>
<!-- Separator but not at end of field length=39 -->
  <datafield tag="958" ind1="" ind2="a">
    <subfield code="N">D</subfield>
    <subfield code="e">http://purl.pt/24141/cover.get?resolution=high</subfield>
    <subfield code="b">Livre</subfield>
    <subfield code="d">1</subfield>
    <subfield code="c">Digitalizado</subfield>
  </datafield>
<!-- Separator but not at end of field length=80 -->
  <datafield tag="966" ind1="" ind2="l">
    <subfield code="N"></subfield>
    <subfield code="m">MUSICA</subfield>
    <subfield code="s">M.M. 346 </subfield>
    <subfield code="x">6</subfield>
  </datafield>
<!-- Separator but not at end of field length=29 -->
  <datafield tag="966" ind1="" ind2="l">
    <subfield code="N"></subfield>
    <subfield code="m">MUSICA</subfield>
    <subfield code="s">M.M. 2311</subfield>
    <subfield code="x">6</subfield>
  </datafield>
<!-- Separator but not at end of field length=29 -->
</record>