
<record>
  <leader>00792ndm a2200169 i 4500</leader>
  <controlfield tag="001">1284395</controlfield>
  <controlfield tag="008">040512q17251742       e          b       </controlfield>
  <datafield tag="245" ind1="1" ind2=" ">
    <subfield code="a">Benedictus</subfield>
    <subfield code="h"></subfield>
    <subfield code="b">A duo a 5 Com Violines</subfield>
    <subfield code="c"></subfield>
  </datafield>
<!-- Separator but not at end of field length=91 -->
  <datafield tag="260" ind1="c" ind2="[">
    <subfield code="n">tre 1725 e 1742]</subfield>
  </datafield>
<!-- Separator but not at end of field length=24 -->
  <datafield tag="300" ind1="a" ind2="2">
    <subfield code="p">artes vocais</subfield>
    <subfield code="a">3 partes instrumentais</subfield>
    <subfield code="c">223x320 mm</subfield>
  </datafield>
<!-- Separator but not at end of field length=56 -->
  <datafield tag="100" ind1="S" ind2="e">
    <subfield code="x">as,, Carlos,</subfield>
    <subfield code="d">1704-1742</subfield>
  </datafield>
<!-- Separator but not at end of field length=31 -->
  <datafield tag="958" ind1="a" ind2="B">
    <subfield code="D"></subfield>
    <subfield code="e">http://purl.pt/6697/cover.get?resolution=high</subfield>
    <subfield code="b">Livre</subfield>
    <subfield code="d">1</subfield>
    <subfield code="c">Digitalizado</subfield>
  </datafield>
<!-- Separator but not at end of field length=79 -->
  <datafield tag="966" ind1="l" ind2="B">
    <subfield code="m">BND</subfield>
    <subfield code="n"></subfield>
    <subfield code="s">PURL 6697/0</subfield>
  </datafield>
<!-- Separator but not at end of field length=65 -->
  <datafield tag="966" ind1="N" ind2="">
    <subfield code="B">ND</subfield>
    <subfield code="n"></subfield>
    <subfield code="s">PURL 6697/1</subfield>
  </datafield>
<!-- Separator but not at end of field length=65 -->
  <datafield tag="966" ind1="m" ind2="B">
    <subfield code="D"></subfield>
    <subfield code="n"></subfield>
    <subfield code="s">PURL 6697/2</subfield>
  </datafield>
<!-- Separator but not at end of field length=65 -->
  <datafield tag="966" ind1="N" ind2="D">
    <subfield code="n"></subfield>
    <subfield code="s">PURL 6697/3</subfield>
  </datafield>
<!-- Separator but not at end of field length=65 -->
  <datafield tag="966" ind1="I" ind2="C">
    <subfield code="s">M.M. 22//8 </subfield>
    <subfield code="x">6</subfield>
  </datafield>
<!-- Separator but not at end of field length=31 -->
</record>