
<record>
  <leader>00905cdm a2200193 i 4500</leader>
  <controlfield tag="001">1287143</controlfield>
  <controlfield tag="008">040705s1817           e          b       </controlfield>
  <datafield tag="245" ind1="1" ind2=" ">
    <subfield code="a">Te Deum laudamus</subfield>
    <subfield code="h"></subfield>
    <subfield code="b">Com toda a Orquestra</subfield>
    <subfield code="c">Musica de Marcos Portugal</subfield>
  </datafield>
<!-- Separator but not at end of field length=91 -->
  <datafield tag="260" ind1=" " ind2="">
    <subfield code="R">io de Janeiro :</subfield>
    <subfield code="c">1817</subfield>
  </datafield>
<!-- Separator but not at end of field length=27 -->
  <datafield tag="300" ind1=" " ind2="">
    <subfield code="P">artitura ([191] f.)</subfield>
    <subfield code="c">460 mm</subfield>
  </datafield>
<!-- Separator but not at end of field length=33 -->
  <datafield tag="100" ind1=" " ind2="">
    <subfield code="o">rtugal,, Marcos,</subfield>
    <subfield code="d">1762-1830</subfield>
  </datafield>
<!-- Separator but not at end of field length=33 -->
  <datafield tag="700" ind1=" " ind2="">
    <subfield code="o">usa,, Filipe de,</subfield>
    <subfield code="d">1927-2006</subfield>
    <subfield code="4">390</subfield>
  </datafield>
<!-- Separator but not at end of field length=38 -->
  <datafield tag="958" ind1=" " ind2="">
    <subfield code="B">ND</subfield>
    <subfield code="e">http://purl.pt/12123/cover.get?resolution=high</subfield>
    <subfield code="b">Livre</subfield>
    <subfield code="d">1</subfield>
    <subfield code="c">Digitalizado</subfield>
  </datafield>
<!-- Separator but not at end of field length=80 -->
  <datafield tag="966" ind1=" " ind2="">
    <subfield code="B">N</subfield>
    <subfield code="m">BND</subfield>
    <subfield code="n"></subfield>
    <subfield code="s">PURL 12123/0</subfield>
  </datafield>
<!-- Separator but not at end of field length=66 -->
  <datafield tag="966" ind1="l" ind2="B">
    <subfield code="m">BND</subfield>
    <subfield code="n"></subfield>
    <subfield code="s">PURL 12123/1</subfield>
  </datafield>
<!-- Separator but not at end of field length=66 -->
  <datafield tag="966" ind1="N" ind2="">
    <subfield code="B">ND</subfield>
    <subfield code="n"></subfield>
    <subfield code="s">PURL 12123/2</subfield>
  </datafield>
<!-- Separator but not at end of field length=66 -->
  <datafield tag="966" ind1="m" ind2="B">
    <subfield code="D"></subfield>
    <subfield code="n"></subfield>
    <subfield code="s">PURL 12123/3</subfield>
  </datafield>
<!-- Separator but not at end of field length=66 -->
  <datafield tag="966" ind1="N" ind2="D">
    <subfield code="n"></subfield>
    <subfield code="s">PURL 12123/4</subfield>
  </datafield>
<!-- Separator but not at end of field length=66 -->
  <datafield tag="966" ind1="I" ind2="C">
    <subfield code="s">M.M. 2503</subfield>
    <subfield code="x">6</subfield>
  </datafield>
<!-- Separator but not at end of field length=29 -->
</record>