
<record>
  <leader>00490ndm a2200121 i 4500</leader>
  <controlfield tag="001">1331872</controlfield>
  <controlfield tag="008">050912q17351770       e          b       </controlfield>
  <datafield tag="245" ind1="1" ind2=" ">
    <subfield code="a">O Salutaris hostia</subfield>
    <subfield code="h"></subfield>
    <subfield code="a"></subfield>
    <subfield code="c">Del Sig.re D. Antonio Tedeschi</subfield>
  </datafield>
<!-- Separator but not at end of field length=95 -->
  <datafield tag="260" ind1="" ind2="c">
    <subfield code="[">entre? 1735 e 1770]</subfield>
  </datafield>
<!-- Separator but not at end of field length=26 -->
  <datafield tag="300" ind1="" ind2="a">
    <subfield code="a">rtitura ([2] f.)</subfield>
    <subfield code="c">298x224 mm</subfield>
    <subfield code="e">4 partes</subfield>
  </datafield>
<!-- Separator but not at end of field length=45 -->
  <datafield tag="100" ind1="" ind2="T">
    <subfield code="d">eschi,, Antonio,</subfield>
    <subfield code="d">fl. 1735-1765</subfield>
  </datafield>
<!-- Separator but not at end of field length=38 -->
  <datafield tag="958" ind1="" ind2="a">
    <subfield code="N">D</subfield>
    <subfield code="e">http://purl.pt/30132/cover.get?resolution=high</subfield>
    <subfield code="b">Livre</subfield>
    <subfield code="d">1</subfield>
    <subfield code="c">Digitalizado</subfield>
  </datafield>
<!-- Separator but not at end of field length=80 -->
  <datafield tag="966" ind1="" ind2="l">
    <subfield code="N"></subfield>
    <subfield code="m">MUSICA</subfield>
    <subfield code="s">F.C.R. 213//3 </subfield>
    <subfield code="x">6</subfield>
  </datafield>
<!-- Separator but not at end of field length=34 -->
</record>