
<record>
  <leader>00379ndm a2200109 i 4500</leader>
  <controlfield tag="001">1371230</controlfield>
  <controlfield tag="008">060526q17751800       e          b       </controlfield>
  <datafield tag="245" ind1="1" ind2=" ">
    <subfield code="a"></subfield>
    <subfield code="h"></subfield>
  </datafield>
<!-- Separator but not at end of field length=49 -->
  <datafield tag="260" ind1="c" ind2="?">
    <subfield code="E">ntre ?1775 e 1800]</subfield>
  </datafield>
<!-- Separator but not at end of field length=26 -->
  <datafield tag="300" ind1="a" ind2="P">
    <subfield code="r">titura ([2] f.)</subfield>
    <subfield code="c">230x322 mm</subfield>
  </datafield>
<!-- Separator but not at end of field length=35 -->
  <datafield tag="958" ind1="a" ind2="B">
    <subfield code="D"></subfield>
    <subfield code="e">http://purl.pt/28753/cover.get?resolution=high</subfield>
    <subfield code="b">Livre</subfield>
    <subfield code="d">1</subfield>
    <subfield code="c">Digitalizado</subfield>
  </datafield>
<!-- Separator but not at end of field length=80 -->
  <datafield tag="966" ind1="l" ind2="B">
    <subfield code="m">MUSICA</subfield>
    <subfield code="s">M.M. 4514</subfield>
    <subfield code="x">6</subfield>
  </datafield>
<!-- Separator but not at end of field length=29 -->
</record>