
<record>
  <leader>00459ndm a2200121 i 4500</leader>
  <controlfield tag="001">1373002</controlfield>
  <controlfield tag="008">060614q18351860       e          b       </controlfield>
  <datafield tag="245" ind1="1" ind2=" ">
    <subfield code="a">Harmonias a 4 Trompas</subfield>
    <subfield code="h"></subfield>
    <subfield code="c">S. Pinto</subfield>
  </datafield>
<!-- Separator but not at end of field length=57 -->
  <datafield tag="260" ind1=" " ind2="">
    <subfield code="[">Entre 1835 e 1860]</subfield>
  </datafield>
<!-- Separator but not at end of field length=24 -->
  <datafield tag="300" ind1=" " ind2="">
    <subfield code="P">artitura ([2] f.)</subfield>
    <subfield code="c">220x298 mm</subfield>
  </datafield>
<!-- Separator but not at end of field length=35 -->
  <datafield tag="100" ind1=" " ind2="">
    <subfield code="i"></subfield>
    <subfield code="d">1815-1860</subfield>
  </datafield>
<!-- Separator but not at end of field length=62 -->
  <datafield tag="958" ind1="" ind2="a">
    <subfield code="N">D</subfield>
    <subfield code="e">http://purl.pt/27758/cover.get?resolution=high</subfield>
    <subfield code="b">Livre</subfield>
    <subfield code="d">1</subfield>
    <subfield code="c">Digitalizado</subfield>
  </datafield>
<!-- Separator but not at end of field length=80 -->
  <datafield tag="966" ind1="" ind2="l">
    <subfield code="N"></subfield>
    <subfield code="m">MUSICA</subfield>
    <subfield code="s">C.N. 434 </subfield>
    <subfield code="x">6</subfield>
  </datafield>
<!-- Separator but not at end of field length=29 -->
</record>