
<record>
  <leader>00581ndm a2200133 i 4500</leader>
  <controlfield tag="001">1373856</controlfield>
  <controlfield tag="008">060622s1831           e          b       </controlfield>
  <datafield tag="245" ind1="1" ind2=" ">
    <subfield code="a">Credo a quatro Vozes</subfield>
    <subfield code="h"></subfield>
    <subfield code="b"></subfield>
    <subfield code="c">Francisco Xavier C. Migoni</subfield>
  </datafield>
<!-- Separator but not at end of field length=135 -->
  <datafield tag="260" ind1="" ind2="c">
    <subfield code="8">31</subfield>
  </datafield>
<!-- Separator but not at end of field length=9 -->
  <datafield tag="300" ind1="" ind2="a">
    <subfield code="a">rtitura ([38] f.)</subfield>
    <subfield code="c">220x298 mm</subfield>
    <subfield code="e"></subfield>
    <subfield code="c">291 mm</subfield>
  </datafield>
<!-- Separator but not at end of field length=62 -->
  <datafield tag="100" ind1="i" ind2="g">
    <subfield code="n">i,, Francisco Xavier,</subfield>
    <subfield code="d">1811-1861</subfield>
  </datafield>
<!-- Separator but not at end of field length=41 -->
  <datafield tag="700" ind1="e" ind2="i">
    <subfield code=","></subfield>
    <subfield code="c"></subfield>
    <subfield code="d">1788-1848</subfield>
    <subfield code="4">390</subfield>
  </datafield>
<!-- Separator but not at end of field length=40 -->
  <datafield tag="958" ind1="N" ind2="D">
    <subfield code="e">http://purl.pt/30337/cover.get?resolution=high</subfield>
    <subfield code="b">Livre</subfield>
    <subfield code="d">1</subfield>
    <subfield code="c">Digitalizado</subfield>
  </datafield>
<!-- Separator but not at end of field length=80 -->
  <datafield tag="966" ind1="N" ind2="">
    <subfield code="M">USICA</subfield>
    <subfield code="s">C.N. 4//1 </subfield>
    <subfield code="x">6</subfield>
  </datafield>
<!-- Separator but not at end of field length=30 -->
</record>