
<record>
  <leader>00543ndm a2200145 i 4500</leader>
  <controlfield tag="001">1374453</controlfield>
  <controlfield tag="005">20060606173619.0</controlfield>
  <controlfield tag="008">060509s1525           e          b       </controlfield>
  <datafield tag="245" ind1="1" ind2=" ">
    <subfield code="a">?[?Gradual Temporal]</subfield>
    <subfield code="h"></subfield>
    <subfield code="a">[Kyrial]</subfield>
  </datafield>
<!-- Separator but not at end of field length=56 -->
  <datafield tag="260" ind1=" " ind2="">
    <subfield code="L">ixboa :</subfield>
    <subfield code="c">1525</subfield>
  </datafield>
<!-- Separator but not at end of field length=19 -->
  <datafield tag="300" ind1=" " ind2="">
    <subfield code="C">xxix, [5], [3] f. (7 pentagramas)</subfield>
    <subfield code="b">perg., il. color.</subfield>
    <subfield code="c">540x375 mm</subfield>
  </datafield>
<!-- Separator but not at end of field length=70 -->
  <datafield tag="700" ind1=" " ind2="">
    <subfield code="i">lva,, Joana da,</subfield>
    <subfield code="d">ca 1525,</subfield>
    <subfield code="c">O. P.</subfield>
    <subfield code="4">400</subfield>
  </datafield>
<!-- Separator but not at end of field length=43 -->
  <datafield tag="700" ind1=" " ind2="">
    <subfield code="e"></subfield>
    <subfield code="d">ca 1525</subfield>
    <subfield code="4">700</subfield>
  </datafield>
<!-- Separator but not at end of field length=36 -->
  <datafield tag="958" ind1="" ind2="a">
    <subfield code="N">D</subfield>
    <subfield code="e">http://purl.pt/27679/cover.get?resolution=high</subfield>
    <subfield code="b">Livre</subfield>
    <subfield code="d">1</subfield>
    <subfield code="c">Digitalizado</subfield>
  </datafield>
<!-- Separator but not at end of field length=80 -->
  <datafield tag="966" ind1="" ind2="l">
    <subfield code="N"></subfield>
    <subfield code="m">MUSICA</subfield>
    <subfield code="s">L.C. 110 </subfield>
  </datafield>
<!-- Separator but not at end of field length=26 -->
</record>