
<record>
  <leader>00443ndm a2200121 i 4500</leader>
  <controlfield tag="001">1385069</controlfield>
  <controlfield tag="008">061110q18001830       e          b       </controlfield>
  <datafield tag="245" ind1="1" ind2=" ">
    <subfield code="a">Missa a 4</subfield>
    <subfield code="h"></subfield>
    <subfield code="c">Do S.r Marcos Antonio</subfield>
  </datafield>
<!-- Separator but not at end of field length=58 -->
  <datafield tag="260" ind1=" " ind2="">
    <subfield code="?">[Entre ?1800 e 1830]</subfield>
  </datafield>
<!-- Separator but not at end of field length=26 -->
  <datafield tag="300" ind1=" " ind2="">
    <subfield code="9"> partes vocais</subfield>
    <subfield code="a">19 partes instrumentais</subfield>
  </datafield>
<!-- Separator but not at end of field length=45 -->
  <datafield tag="100" ind1=" " ind2="">
    <subfield code="o">rtugal,, Marcos,</subfield>
    <subfield code="d">1762-1830</subfield>
  </datafield>
<!-- Separator but not at end of field length=33 -->
  <datafield tag="958" ind1=" " ind2="">
    <subfield code="B">ND</subfield>
    <subfield code="e">http://purl.pt/29386/cover.get?resolution=high</subfield>
    <subfield code="b">Livre</subfield>
    <subfield code="d">1</subfield>
    <subfield code="c">Digitalizado</subfield>
  </datafield>
<!-- Separator but not at end of field length=80 -->
  <datafield tag="966" ind1=" " ind2="">
    <subfield code="B">N</subfield>
    <subfield code="m">MUSICA</subfield>
    <subfield code="s">C.N. 390 </subfield>
    <subfield code="x">6</subfield>
  </datafield>
<!-- Separator but not at end of field length=29 -->
</record>