
<record>
  <leader>00593ndm a2200121 i 4500</leader>
  <controlfield tag="001">1651143</controlfield>
  <controlfield tag="008">070712s1824           e          b       </controlfield>
  <datafield tag="245" ind1="1" ind2=" ">
    <subfield code="a">Premier concerto pour la clarinette</subfield>
    <subfield code="h"></subfield>
    <subfield code="b"></subfield>
    <subfield code="c">par J. A. Canongia</subfield>
  </datafield>
<!-- Separator but not at end of field length=190 -->
  <datafield tag="260" ind1="a" ind2="r">
    <subfield code="s">,</subfield>
    <subfield code="b">au Magazin de Musique de Pacini,</subfield>
    <subfield code="c">?[ca ?1824]</subfield>
  </datafield>
<!-- Separator but not at end of field length=58 -->
  <datafield tag="300" ind1="2" ind2=" ">
    <subfield code="a">rtes</subfield>
    <subfield code="c">35 cm</subfield>
  </datafield>
<!-- Separator but not at end of field length=21 -->
  <datafield tag="100" ind1="n" ind2="o">
    <subfield code="g"></subfield>
    <subfield code="d">1784-1842</subfield>
  </datafield>
<!-- Separator but not at end of field length=40 -->
  <datafield tag="958" ind1="D" ind2="">
    <subfield code="h">ttp://purl.pt/22656/cover.get?resolution=high</subfield>
    <subfield code="b">Livre</subfield>
    <subfield code="d">1</subfield>
    <subfield code="c">Digitalizado</subfield>
  </datafield>
<!-- Separator but not at end of field length=80 -->
  <datafield tag="966" ind1="" ind2="m">
    <subfield code="U">SICA</subfield>
    <subfield code="s">C.N. 1509 A.</subfield>
    <subfield code="x">6</subfield>
  </datafield>
<!-- Separator but not at end of field length=32 -->
</record>