
<record>
  <leader>00577ndm a2200157 i 4500</leader>
  <controlfield tag="001">1681038</controlfield>
  <controlfield tag="008">080331q17521770       e          b       </controlfield>
  <datafield tag="245" ind1="1" ind2=" ">
    <subfield code="a">?La ?Danza</subfield>
    <subfield code="h"></subfield>
    <subfield code="b">Cantata a due voci</subfield>
    <subfield code="b">Nice e Tirsi</subfield>
    <subfield code="c">Del Sig.r Abbate Pietro Metastasio</subfield>
  </datafield>
<!-- Separator but not at end of field length=106 -->
  <datafield tag="260" ind1=" " ind2="">
    <subfield code="[">1752-1770]</subfield>
  </datafield>
<!-- Separator but not at end of field length=16 -->
  <datafield tag="300" ind1=" " ind2="">
    <subfield code="P">artitura ([56] f.)</subfield>
    <subfield code="c">225x307 mm</subfield>
  </datafield>
<!-- Separator but not at end of field length=36 -->
  <datafield tag="100" ind1=" " ind2="">
    <subfield code="e">rez,, David,</subfield>
    <subfield code="d">1711-1778</subfield>
  </datafield>
<!-- Separator but not at end of field length=29 -->
  <datafield tag="700" ind1=" " ind2="">
    <subfield code="e">tastasio,, Pietro,</subfield>
    <subfield code="d">1698-1782</subfield>
    <subfield code="4">480</subfield>
  </datafield>
<!-- Separator but not at end of field length=40 -->
  <datafield tag="700" ind1=" " ind2="">
    <subfield code="i"></subfield>
    <subfield code="d">1933-2005</subfield>
    <subfield code="4">390</subfield>
  </datafield>
<!-- Separator but not at end of field length=51 -->
  <datafield tag="700" ind1="" ind2="L">
    <subfield code="t">ino,, Joana,</subfield>
    <subfield code="d">1972-</subfield>
    <subfield code="4">320</subfield>
  </datafield>
<!-- Separator but not at end of field length=31 -->
  <datafield tag="958" ind1="" ind2="a">
    <subfield code="N">D</subfield>
    <subfield code="b">Interno</subfield>
    <subfield code="c">Digitalizado</subfield>
  </datafield>
<!-- Separator but not at end of field length=31 -->
  <datafield tag="966" ind1="" ind2="l">
    <subfield code="N"></subfield>
    <subfield code="m">MUSICA</subfield>
    <subfield code="s">M.M. 6000</subfield>
    <subfield code="x">3</subfield>
  </datafield>
<!-- Separator but not at end of field length=29 -->
</record>