
<record>
  <leader>00489ncm a2200121 i 4500</leader>
  <controlfield tag="001">1717978</controlfield>
  <controlfield tag="008">090706s1904           e          b       </controlfield>
  <datafield tag="245" ind1="1" ind2=" ">
    <subfield code="a"></subfield>
    <subfield code="h"></subfield>
    <subfield code="b">fado para canto e piano</subfield>
    <subfield code="c">original de Reynaldo Varella</subfield>
  </datafield>
<!-- Separator but not at end of field length=95 -->
  <datafield tag="260" ind1="a" ind2="L">
    <subfield code="s">boa</subfield>
    <subfield code="b">Typ. Eduardo Rosa Magdalena 31</subfield>
    <subfield code="c">1904</subfield>
  </datafield>
<!-- Separator but not at end of field length=49 -->
  <datafield tag="300" ind1="a" ind2="P">
    <subfield code="r">titura (2 p.)</subfield>
    <subfield code="c">34 cm</subfield>
  </datafield>
<!-- Separator but not at end of field length=28 -->
  <datafield tag="100" ind1="V" ind2="a">
    <subfield code="e">la,, Reinaldo,</subfield>
    <subfield code="d">1867-1940</subfield>
  </datafield>
<!-- Separator but not at end of field length=33 -->
  <datafield tag="958" ind1="a" ind2="B">
    <subfield code="D"></subfield>
    <subfield code="e">http://purl.pt/27645/cover.get?resolution=high</subfield>
    <subfield code="b">Livre</subfield>
    <subfield code="d">1</subfield>
    <subfield code="c">Digitalizado</subfield>
  </datafield>
<!-- Separator but not at end of field length=80 -->
  <datafield tag="966" ind1="l" ind2="B">
    <subfield code="m">MUSICA</subfield>
    <subfield code="s">C.N. 285 A. </subfield>
    <subfield code="x">6</subfield>
  </datafield>
<!-- Separator but not at end of field length=32 -->
</record>