
<record>
  <leader>00377ndm a2200109 i 4500</leader>
  <controlfield tag="001">1870213</controlfield>
  <controlfield tag="008">140414q16311640       e          b       </controlfield>
  <datafield tag="245" ind1="1" ind2=" ">
    <subfield code="a"></subfield>
    <subfield code="h"></subfield>
  </datafield>
<!-- Separator but not at end of field length=38 -->
  <datafield tag="260" ind1="" ind2="c">
    <subfield code="[">Entre ?1631e 1640]</subfield>
  </datafield>
<!-- Separator but not at end of field length=25 -->
  <datafield tag="300" ind1="" ind2="a">
    <subfield code="8">0 +[1] f.</subfield>
    <subfield code="b">perg., il. color.</subfield>
    <subfield code="c">657x478 mm</subfield>
  </datafield>
<!-- Separator but not at end of field length=47 -->
  <datafield tag="958" ind1="" ind2="a">
    <subfield code="N">D</subfield>
    <subfield code="e">http://purl.pt/24995/cover.get?resolution=high</subfield>
    <subfield code="b">Livre</subfield>
    <subfield code="d">1</subfield>
    <subfield code="c">Digitalizado</subfield>
  </datafield>
<!-- Separator but not at end of field length=80 -->
  <datafield tag="966" ind1="" ind2="l">
    <subfield code="N"></subfield>
    <subfield code="m">MUSICA</subfield>
    <subfield code="s">L.C. 9 </subfield>
    <subfield code="x">6</subfield>
  </datafield>
<!-- Separator but not at end of field length=27 -->
</record>
</collection>
